
@misc{UB,
author="{Universit{\"a}t Bonn}",
title="{A}245 Experiment Description"}

